@inbook{complex-fourier-series,
  author = "Richard Prager",
  title = "First Year Engineering Mathematics",
  pages = "111-128",
  publisher = "University of Cambridge",
  year = "2009"
}
